<?xml version="1.0" encoding="UTF-8"?><collection xmlns="http://www.loc.gov/MARC21/slim"><record><leader>00398nam--2200157-u-4500</leader><controlfield tag="001">000050884</controlfield><controlfield tag="002">20161230</controlfield><controlfield tag="005">20161230201048</controlfield><controlfield tag="008">080421s1000------------r-----000-0-eng-d</controlfield><datafield ind1=" " ind2=" " tag="040"><subfield code="a">IFIN-HH</subfield></datafield><datafield ind1=" " ind2=" " tag="080"><subfield code="a">51</subfield></datafield><datafield ind1="1" ind2=" " tag="100"><subfield code="a">Shabanov-Kushnarenko,Yu.P</subfield></datafield><datafield ind1="1" ind2="0" tag="245"><subfield code="a">Teoriya Intellekta Tekhnicheskie Sredstva</subfield></datafield><datafield ind1=" " ind2=" " tag="260"><subfield code="a">Kharkov</subfield><subfield code="b">Vishcha Shkola</subfield><subfield code="c">1986</subfield></datafield><datafield ind1=" " ind2=" " tag="300"><subfield code="a">132 p</subfield></datafield><datafield ind1=" " ind2=" " tag="CAT"><subfield code="a">Sys</subfield><subfield code="c">20080421</subfield><subfield code="h">091048</subfield></datafield></record></collection>